<record><leader>01844nab a2200313 a 4500</leader><controlfield tag="001">vtls000016099</controlfield><controlfield tag="003">IFAD</controlfield><controlfield tag="005">20181031104100.0</controlfield><controlfield tag="008">180709 2017                  000 0 eng d</controlfield><datafield tag="035" ind1=" " ind2=" "><subfield code="a">IF000016099</subfield></datafield><datafield tag="039" ind1=" " ind2="9"><subfield code="a">201810311041</subfield><subfield code="b">vaids</subfield><subfield code="y">201807091228</subfield><subfield code="z">vaids</subfield></datafield><datafield tag="090" ind1=" " ind2=" "><subfield code="a">S2257 9 N12</subfield></datafield><datafield tag="100" ind1="1" ind2=" "><subfield code="a">Garbero, A.</subfield></datafield><datafield tag="245" ind1=" " ind2=" "><subfield code="a">An evidence-based assessment of IFAD’s end-of-project reporting</subfield></datafield><datafield tag="260" ind1=" " ind2=" "><subfield code="a">Rome, Italy</subfield><subfield code="b">IFAD</subfield><subfield code="c">2017</subfield></datafield><datafield tag="300" ind1=" " ind2=" "><subfield code="a">51 pp.</subfield></datafield><datafield tag="490" ind1=" " ind2=" "><subfield code="a">IFAD Research Series</subfield><subfield code="v">No. 12</subfield></datafield><datafield tag="520" ind1=" " ind2=" "><subfield code="a">Project Completion Reports (PCRs) are used by development institutions to tell a project’s story&#xD;
– achievements, failures and learning. As such, they should provide evidence of effectiveness&#xD;
in bringing about development. But is this the case? This article uses a descriptive content&#xD;
analysis approach to assess the extent of evidentiary support presented in IFAD end-of-project&#xD;
documentation. It employs a custom conceptual framework to classify claims about project&#xD;
results found in PCRs based on the results level, presence and types of evidence sources, and&#xD;
themes. Findings show that the majority of claims relate to output- or outcome-level results&#xD;
and are not explicitly supported by evidence. The lack of evidence-based reporting carries&#xD;
implications to the objective measurement of development effectiveness.</subfield></datafield><datafield tag="650" ind1=" " ind2="7"><subfield code="a">DEVELOPMENT PROJECTS</subfield><subfield code="2">AGROVOC</subfield></datafield><datafield tag="650" ind1=" " ind2="7"><subfield code="a">DEVELOPMENT INDICATORS</subfield><subfield code="2">AGROVOC</subfield></datafield><datafield tag="650" ind1=" " ind2="7"><subfield code="a">ANALYSIS</subfield><subfield code="2">AGROVOC</subfield></datafield><datafield tag="650" ind1=" " ind2="7"><subfield code="a">IFAD</subfield><subfield code="2">AGROVOC</subfield></datafield><datafield tag="773" ind1=" " ind2=" "><subfield code="w">IF000015583</subfield></datafield><datafield tag="852" ind1=" " ind2=" "><subfield code="a">E-Lib.</subfield></datafield><datafield tag="856" ind1=" " ind2="8"><subfield code="u">http://library2018.ifad.org:8080/16019.jpg</subfield></datafield><datafield tag="856" ind1=" " ind2=" "><subfield code="u">http://library2018.ifad.org:8080/16019.pdf</subfield></datafield><datafield tag="999" ind1=" " ind2=" "><subfield code="a">VIRTUA40</subfield></datafield><datafield tag="999" ind1=" " ind2=" "><subfield code="a">VTLSSORT0010*0030*0050*0080*0350*0390*0900*1000*2450*2600*3000*4900*5200*6500*6501*6502*6503*7730*8520*8560*8561*9990*9991</subfield></datafield><datafield tag="999" ind1=" " ind2=" "><subfield code="a">VTLSSORT</subfield></datafield></record>