<record><leader>02436nab a2200349 a 4500</leader><controlfield tag="001">vtls000016110</controlfield><controlfield tag="003">IFAD</controlfield><controlfield tag="005">20181031105000.0</controlfield><controlfield tag="008">180711 2018                  000 0 eng d</controlfield><datafield tag="020" ind1=" " ind2=" "><subfield code="a">978-92-9072-841-2</subfield></datafield><datafield tag="035" ind1=" " ind2=" "><subfield code="a">IF000016110</subfield></datafield><datafield tag="039" ind1=" " ind2="9"><subfield code="a">201810311050</subfield><subfield code="b">vaids</subfield><subfield code="y">201807111107</subfield><subfield code="z">vaids</subfield></datafield><datafield tag="090" ind1=" " ind2=" "><subfield code="a">S2256 9 N27</subfield></datafield><datafield tag="100" ind1="1" ind2=" "><subfield code="a">Imai, S.K.</subfield></datafield><datafield tag="245" ind1=" " ind2=" "><subfield code="a">Asia’s rural-urban disparity in the context of growing inequality</subfield></datafield><datafield tag="260" ind1=" " ind2=" "><subfield code="a">Rome, Italy</subfield><subfield code="b">IFAD</subfield><subfield code="c">2018</subfield></datafield><datafield tag="300" ind1=" " ind2=" "><subfield code="a">34 pp.</subfield></datafield><datafield tag="490" ind1=" " ind2=" "><subfield code="a">IFAD Research Series</subfield><subfield code="v">No. 27</subfield></datafield><datafield tag="520" ind1=" " ind2=" "><subfield code="a">This study offers empirical evidence on the rural-urban gap in the context of growing&#xD;
inequality in Asia. First, China and India explain the trends in regional inequality given their&#xD;
large populations, signifying their importance as major contributors. Overall, China’s income&#xD;
inequality is characterized by rural-urban disparity, but the inequality within rural and within&#xD;
urban areas has worsened, although the country has experienced very high economic growth.&#xD;
India is mainly characterized by high inequality within urban areas, despite a sharp reduction&#xD;
in urban poverty. India’s rural-urban income gap has narrowed in recent years. We also find&#xD;
that the rural-urban income gap has narrowed in many other countries, such as Thailand and&#xD;
Viet Nam. Second, our econometric results on the agricultural and non-agricultural income&#xD;
gap suggest that a higher non-agricultural growth rate tends to widen the rural-urban gap over&#xD;
time, while agricultural growth is unrelated to the rural-urban gap. Third, the rural-urban&#xD;
human resources gap in terms of educational attainment has increased in both China and&#xD;
India. Policies that promote agricultural growth and rural education are deemed important not&#xD;
only for reducing rural poverty but also for narrowing the rural-urban human resources gap.&#xD;
Abstract&#xD;
4</subfield></datafield><datafield tag="650" ind1=" " ind2="7"><subfield code="a">URBAN AREAS</subfield><subfield code="2">AGROVOC</subfield></datafield><datafield tag="650" ind1=" " ind2="7"><subfield code="a">ECONOMIC GROWTH</subfield><subfield code="2">AGROVOC</subfield></datafield><datafield tag="650" ind1=" " ind2="7"><subfield code="a">INEQUALITY</subfield><subfield code="2">AGROVOC</subfield></datafield><datafield tag="650" ind1=" " ind2="7"><subfield code="a">INCOME GAP</subfield><subfield code="2">AGROVOC</subfield></datafield><datafield tag="650" ind1=" " ind2="7"><subfield code="a">CHINA</subfield><subfield code="2">AGROVOC</subfield></datafield><datafield tag="700" ind1="1" ind2=" "><subfield code="a">Malaeb, B.</subfield></datafield><datafield tag="773" ind1=" " ind2=" "><subfield code="w">IF000015583</subfield></datafield><datafield tag="852" ind1=" " ind2=" "><subfield code="a">E-Lib.</subfield></datafield><datafield tag="856" ind1=" " ind2="8"><subfield code="u">http://library2018.ifad.org:8080/16030.jpg</subfield></datafield><datafield tag="856" ind1=" " ind2=" "><subfield code="u">http://library2018.ifad.org:8080/16030.pdf</subfield></datafield><datafield tag="999" ind1=" " ind2=" "><subfield code="a">VIRTUA40</subfield></datafield><datafield tag="999" ind1=" " ind2=" "><subfield code="a">VTLSSORT0010*0030*0050*0080*0200*0350*0390*0900*1000*2450*2600*3000*4900*5200*6500*6501*6502*6503*6504*7000*7730*8520*8560*8561*9990*9991</subfield></datafield><datafield tag="999" ind1=" " ind2=" "><subfield code="a">VTLSSORT</subfield></datafield></record>