<record><leader>02698nab a2200349 a 4500</leader><controlfield tag="001">vtls000016080</controlfield><controlfield tag="003">IFAD</controlfield><controlfield tag="005">20181031102500.0</controlfield><controlfield tag="008">180730 2018                  000 0 eng d</controlfield><datafield tag="020" ind1=" " ind2=" "><subfield code="a">978-92-9072-812-2</subfield></datafield><datafield tag="035" ind1=" " ind2=" "><subfield code="a">IF000016080</subfield></datafield><datafield tag="039" ind1=" " ind2="9"><subfield code="a">201810311025</subfield><subfield code="b">vaids</subfield><subfield code="c">201807301626</subfield><subfield code="d">VLOAD</subfield><subfield code="c">201806120947</subfield><subfield code="d">vaids</subfield><subfield code="y">201806120946</subfield><subfield code="z">vaids</subfield></datafield><datafield tag="090" ind1=" " ind2=" "><subfield code="a">S2256 9 No.26</subfield></datafield><datafield tag="100" ind1="1" ind2=" "><subfield code="a">McCord, A.</subfield></datafield><datafield tag="245" ind1=" " ind2=" "><subfield code="a">Exploration of a methodology for assessing the impact of policy engagement:</subfield><subfield code="b">what impact and how to assess it?</subfield></datafield><datafield tag="260" ind1=" " ind2=" "><subfield code="a">Rome, Italy</subfield><subfield code="b">IFAD</subfield><subfield code="c">2018</subfield></datafield><datafield tag="300" ind1=" " ind2=" "><subfield code="a">46 pp.</subfield></datafield><datafield tag="490" ind1=" " ind2=" "><subfield code="a">IFAD Research Series</subfield><subfield code="v">No. 26</subfield></datafield><datafield tag="520" ind1=" " ind2=" "><subfield code="a">While policy engagement is increasingly considered a key dimension of development&#xD;
cooperation, there have been few attempts by development agencies to systematically monitor&#xD;
and evaluate the impact of their work in this area. In recent years, the International Fund for&#xD;
Agricultural Development (IFAD) has sought to strengthen its engagement in country-level&#xD;
policy processes, and to develop a range of tools to more effectively monitor and evaluate this&#xD;
work. In this context, it commissioned a piece of work to develop and test a methodology&#xD;
for assessing its policy impact. The exercise served to review four purposively sampled IFAD&#xD;
policy engagement activities, in India, Indonesia, Nepal and Viet Nam, and analyse their&#xD;
impact; identify the factors contributing to, or limiting, the outcomes achieved and draw out&#xD;
lessons for future policy work; and propose a replicable methodology that could be used&#xD;
for similar exercises elsewhere. The methodology was found to provide, in a relatively short&#xD;
period of time, an independent appraisal of IFAD’s role and effectiveness in relation to the&#xD;
policy issues in question, based on multiple external perspectives. The paper concludes&#xD;
that the methodology offers a credible, cost-effective and potentially replicable approach to&#xD;
appraising policy impact, both within IFAD and for other development agencies conducting&#xD;
policy-related activities, and it makes suggestions on strengthening the methodology and&#xD;
increasing its operational relevance.</subfield></datafield><datafield tag="650" ind1=" " ind2="7"><subfield code="a">POLICIES</subfield><subfield code="2">AGROVOC</subfield></datafield><datafield tag="650" ind1=" " ind2="7"><subfield code="a">MONITORING</subfield><subfield code="2">AGROVOC</subfield></datafield><datafield tag="650" ind1=" " ind2="7"><subfield code="a">EVALUATION</subfield><subfield code="2">AGROVOC</subfield></datafield><datafield tag="650" ind1=" " ind2="7"><subfield code="a">ASIA</subfield><subfield code="2">AGROVOC</subfield></datafield><datafield tag="700" ind1="1" ind2=" "><subfield code="a">Heinemann, E.</subfield></datafield><datafield tag="700" ind1="1" ind2=" "><subfield code="a">Phillips, L.</subfield></datafield><datafield tag="773" ind1=" " ind2=" "><subfield code="w">IF000015583</subfield></datafield><datafield tag="852" ind1=" " ind2=" "><subfield code="a">E-Lib.</subfield></datafield><datafield tag="856" ind1=" " ind2="8"><subfield code="u">http://library2018.ifad.org:8080/16102.jpg</subfield></datafield><datafield tag="856" ind1=" " ind2=" "><subfield code="u">http://library2018.ifad.org:8080/16102.pdf</subfield></datafield><datafield tag="999" ind1=" " ind2=" "><subfield code="a">VIRTUA40</subfield></datafield><datafield tag="999" ind1=" " ind2=" "><subfield code="a">VTLSSORT0010*0030*0050*0080*0200*0350*0390*0900*1000*2450*2600*3000*4900*5200*6500*6501*6502*6503*7000*7001*7730*8520*8560*8561*9990*9991</subfield></datafield><datafield tag="999" ind1=" " ind2=" "><subfield code="a">VTLSSORT</subfield></datafield></record>