<record><leader>03751nab a2200337 a 4500</leader><controlfield tag="001">vtls000016108</controlfield><controlfield tag="003">IFAD</controlfield><controlfield tag="005">20181031104900.0</controlfield><controlfield tag="008">180711 2017                  000 0 eng d</controlfield><datafield tag="020" ind1=" " ind2=" "><subfield code="a">978-92-9072-738-5</subfield></datafield><datafield tag="035" ind1=" " ind2=" "><subfield code="a">IF000016108</subfield></datafield><datafield tag="039" ind1=" " ind2="9"><subfield code="a">201810311049</subfield><subfield code="b">vaids</subfield><subfield code="y">201807110956</subfield><subfield code="z">vaids</subfield></datafield><datafield tag="090" ind1=" " ind2=" "><subfield code="a">S2257 9 N11</subfield></datafield><datafield tag="100" ind1="1" ind2=" "><subfield code="a">Humphrey, J.</subfield></datafield><datafield tag="245" ind1=" " ind2=" "><subfield code="a">Food safety, trade, standards and the integration of smallholders into value chains:</subfield><subfield code="b">A review of the literature</subfield></datafield><datafield tag="260" ind1=" " ind2=" "><subfield code="a">Rome, Italy</subfield><subfield code="b">IFAD</subfield><subfield code="c">2017</subfield></datafield><datafield tag="300" ind1=" " ind2=" "><subfield code="a">72 pp.</subfield></datafield><datafield tag="490" ind1=" " ind2=" "><subfield code="a">IFAD Research Series</subfield><subfield code="v">No. 11</subfield></datafield><datafield tag="520" ind1=" " ind2=" "><subfield code="a">Current transformations in food consumption and food trade have allowed greatly&#xD;
increased food exports from developing countries and also shifted the composition of&#xD;
exports towards high-value foods that offer better opportunities for smallholder farmers to&#xD;
improve their livelihoods. Transformations in the domestic markets of developing countries&#xD;
are also changing the composition of food consumed and opening up opportunities there.&#xD;
Nevertheless, food safety crises and changing food safety requirements are widely considered&#xD;
as potentially limiting the opportunities for smallholder farmers to enter these expanding&#xD;
markets. In particular, a shift in food safety philosophy towards the introduction of risk-based&#xD;
preventive controls on farms appears to pose a threat to smallholder farmers by creating&#xD;
new requirements for knowledge about food safety, additional investment in equipment&#xD;
and food safety systems, and more intensive linkages between producers and the buyers of&#xD;
their products.&#xD;
Food safety challenges vary considerably across markets and across products. Markets –&#xD;
developed country export markets, regional markets and developing country domestic markets&#xD;
– are changing rapidly and present different opportunities and threats from food safety risks&#xD;
and also the controls introduced to contain them. The food products for which food safety&#xD;
challenges are most prominent are cereals and nuts susceptible to aflatoxin contamination,&#xD;
and high-value fresh products such as fresh fruit and vegetables, meat and dairy. The use&#xD;
of risk-based preventive controls to address challenges is being extended not only through&#xD;
the extension of border controls, but also through private standards and through domestic&#xD;
controls in developing countries and food importing countries. Increasingly, the pressure is&#xD;
for the food safety systems of exporting countries to demonstrate their capacities to offer levels&#xD;
of food safety protection equivalent to those achieved in destination markets.&#xD;
Responding to these food safety challenges involves developing country governments&#xD;
making strategic choices about establishing a range of domestic standards and facilitating the&#xD;
upgrading of capabilities by smallholder farmers and their inclusion into a range of different&#xD;
markets. With respect to enabling smallholder farmers to gain knowledge about new food&#xD;
safety requirements, invest in food safety systems and increase the confidence of buyers, the&#xD;
well-established mechanisms for supporting smallholder inclusion in markets can make a&#xD;
substantial contribution to limiting exclusion.</subfield></datafield><datafield tag="650" ind1=" " ind2="7"><subfield code="a">FOOD CONSUMPTION</subfield><subfield code="2">AGROVOC</subfield></datafield><datafield tag="650" ind1=" " ind2="7"><subfield code="a">EXPORTS</subfield><subfield code="2">AGROVOC</subfield></datafield><datafield tag="650" ind1=" " ind2="7"><subfield code="a">DEVELOPING COUNTRIES</subfield><subfield code="2">AGROVOC</subfield></datafield><datafield tag="650" ind1=" " ind2="7"><subfield code="a">MARKETS</subfield><subfield code="2">AGROVOC</subfield></datafield><datafield tag="650" ind1=" " ind2="7"><subfield code="a">FOOD SAFETY</subfield><subfield code="2">AGROVOC</subfield></datafield><datafield tag="773" ind1=" " ind2=" "><subfield code="w">IF000015583</subfield></datafield><datafield tag="852" ind1=" " ind2=" "><subfield code="a">E-Lib.</subfield></datafield><datafield tag="856" ind1=" " ind2="8"><subfield code="u">http://library2018.ifad.org:8080/16029.jpg</subfield></datafield><datafield tag="856" ind1=" " ind2=" "><subfield code="u">http://library2018.ifad.org:8080/16029.pdf</subfield></datafield><datafield tag="999" ind1=" " ind2=" "><subfield code="a">VIRTUA40</subfield></datafield><datafield tag="999" ind1=" " ind2=" "><subfield code="a">VTLSSORT0010*0030*0050*0080*0200*0350*0390*0900*1000*2450*2600*3000*4900*5200*6500*6501*6502*6503*6504*7730*8520*8560*8561*9990*9991</subfield></datafield><datafield tag="999" ind1=" " ind2=" "><subfield code="a">VTLSSORT</subfield></datafield></record>