<record><leader>01809nab a2200349 a 4500</leader><controlfield tag="001">vtls000016094</controlfield><controlfield tag="003">IFAD</controlfield><controlfield tag="005">20181031103600.0</controlfield><controlfield tag="008">180705 2017                  000 0 eng d</controlfield><datafield tag="035" ind1=" " ind2=" "><subfield code="a">IF000016094</subfield></datafield><datafield tag="039" ind1=" " ind2="9"><subfield code="a">201810311036</subfield><subfield code="b">vaids</subfield><subfield code="y">201807050945</subfield><subfield code="z">vaids</subfield></datafield><datafield tag="090" ind1=" " ind2=" "><subfield code="a">S2257 9 N16</subfield></datafield><datafield tag="100" ind1="1" ind2=" "><subfield code="a">Heinemann, E.</subfield></datafield><datafield tag="245" ind1=" " ind2=" "><subfield code="a">Getting the most out of impact evaluation for learning, reporting and influence</subfield></datafield><datafield tag="260" ind1=" " ind2=" "><subfield code="a">Rome, Italy</subfield><subfield code="b">IFAD</subfield><subfield code="c">2017</subfield></datafield><datafield tag="300" ind1=" " ind2=" "><subfield code="a">40 pp.</subfield></datafield><datafield tag="490" ind1=" " ind2=" "><subfield code="a">IFAD Research Series</subfield><subfield code="v">No. 16</subfield></datafield><datafield tag="520" ind1=" " ind2=" "><subfield code="a">This paper describes the Participatory Impact Assessment and Learning Approach (PIALA) which was developed and piloted by IFAD. The approach aims to produce rigorous qualitative and quantitative evidence that can be used not only to identify and assess the impacts of development projects, but also to promote learning and improved understanding of the associated processes and pathways of socio-economic change. Illustrated with cases from Viet Nam and Ghana, the paper assesses the value of the approach for collaborative learning and reporting for IFAD’s country programming and global policy engagement, as well as for the wider development community.</subfield></datafield><datafield tag="650" ind1=" " ind2="7"><subfield code="a">QUALITATIVE ANALYSIS</subfield><subfield code="2">AGROVOC</subfield></datafield><datafield tag="650" ind1=" " ind2="7"><subfield code="a">QUANTITATIVE ANALYSIS</subfield><subfield code="2">AGROVOC</subfield></datafield><datafield tag="650" ind1=" " ind2="7"><subfield code="a">IMPACT ASSESSMENT</subfield><subfield code="2">AGROVOC</subfield></datafield><datafield tag="650" ind1=" " ind2="7"><subfield code="a">DEVELOPMENT PROJECTS</subfield><subfield code="2">AGROVOC</subfield></datafield><datafield tag="650" ind1=" " ind2="7"><subfield code="2">IFAD</subfield></datafield><datafield tag="700" ind1="1" ind2=" "><subfield code="a">Van Hemelrijck, A.</subfield></datafield><datafield tag="700" ind1="1" ind2=" "><subfield code="a">Guijt, I.</subfield></datafield><datafield tag="773" ind1=" " ind2=" "><subfield code="w">IF000015583</subfield></datafield><datafield tag="852" ind1=" " ind2=" "><subfield code="a">E-Lib.</subfield></datafield><datafield tag="856" ind1=" " ind2="8"><subfield code="u">http://library2018.ifad.org:8080/16015.jpg</subfield></datafield><datafield tag="856" ind1=" " ind2=" "><subfield code="u">http://library2018.ifad.org:8080/16015.pdf</subfield></datafield><datafield tag="999" ind1=" " ind2=" "><subfield code="a">VIRTUA40</subfield></datafield><datafield tag="999" ind1=" " ind2=" "><subfield code="a">VTLSSORT0010*0030*0050*0080*0350*0390*0900*1000*2450*2600*3000*4900*5200*6500*6501*6502*6503*6504*7000*7001*7730*8520*8560*8561*9990*9991</subfield></datafield><datafield tag="999" ind1=" " ind2=" "><subfield code="a">VTLSSORT</subfield></datafield></record>