<record><leader>01339nas a2200289 a 4500</leader><controlfield tag="001">vtls000015583</controlfield><controlfield tag="003">IFAD</controlfield><controlfield tag="005">20181031111000.0</controlfield><controlfield tag="008">180730                       000 0 eng d</controlfield><datafield tag="035" ind1=" " ind2=" "><subfield code="a">IF000015583</subfield></datafield><datafield tag="039" ind1=" " ind2="9"><subfield code="a">201810311110</subfield><subfield code="b">vaids</subfield><subfield code="c">201807301619</subfield><subfield code="d">VLOAD</subfield><subfield code="c">201805221030</subfield><subfield code="d">vaids</subfield><subfield code="c">201805221000</subfield><subfield code="d">vaids</subfield><subfield code="y">201606011521</subfield><subfield code="z">vaids</subfield></datafield><datafield tag="090" ind1=" " ind2=" "><subfield code="a">S2256 9</subfield></datafield><datafield tag="110" ind1="2" ind2=" "><subfield code="a">International Fund for Agricultural Development (IFAD)</subfield></datafield><datafield tag="245" ind1=" " ind2=" "><subfield code="a">IFAD Research Series</subfield></datafield><datafield tag="260" ind1=" " ind2=" "><subfield code="b">IFAD</subfield></datafield><datafield tag="520" ind1=" " ind2=" "><subfield code="a">The IFAD Research Series brings together cutting-edge thinking and research on smallholder agriculture, rural development and related themes. Through this series, IFAD seeks to present diverse viewpoints from across the development arena to stimulate knowledge exchange and to contribute to the global knowledge-base and debate on agriculture and rural development.</subfield></datafield><datafield tag="598" ind1=" " ind2=" "><subfield code="a">from 2016 to present on-line</subfield></datafield><datafield tag="650" ind1=" " ind2="7"><subfield code="a">AGRICULTURE</subfield><subfield code="2">AGROVOC</subfield></datafield><datafield tag="650" ind1=" " ind2="7"><subfield code="a">MIGRATION</subfield><subfield code="2">IFAD</subfield></datafield><datafield tag="650" ind1=" " ind2="7"><subfield code="a">POLICIES</subfield><subfield code="2">AGROVOC</subfield></datafield><datafield tag="650" ind1=" " ind2="7"><subfield code="a">RURAL DEVELOPMENT</subfield><subfield code="2">IFAD</subfield></datafield><datafield tag="852" ind1=" " ind2=" "><subfield code="a">E-lib</subfield></datafield><datafield tag="856" ind1=" " ind2="8"><subfield code="u">http://library2018.ifad.org:8080/16085.jpg</subfield></datafield><datafield tag="856" ind1=" " ind2=" "><subfield code="u">https://www.ifad.org/pub/research_series</subfield></datafield><datafield tag="999" ind1=" " ind2=" "><subfield code="a">VIRTUA40</subfield></datafield><datafield tag="999" ind1=" " ind2=" "><subfield code="a">VTLSSORT0010*0030*0050*0080*0350*0390*0900*1100*2450*2600*5980*5200*6500*6501*6502*6503*8520*8560*8561*9990*9991</subfield></datafield><datafield tag="999" ind1=" " ind2=" "><subfield code="a">VTLSSORT</subfield></datafield></record>