<record><leader>03207nab a2200325 a 4500</leader><controlfield tag="001">vtls000016100</controlfield><controlfield tag="003">IFAD</controlfield><controlfield tag="005">20181031104200.0</controlfield><controlfield tag="008">180710 2017                  000 0 eng d</controlfield><datafield tag="020" ind1=" " ind2=" "><subfield code="a">978-92-9072-709-5</subfield></datafield><datafield tag="035" ind1=" " ind2=" "><subfield code="a">IF000016100</subfield></datafield><datafield tag="039" ind1=" " ind2="9"><subfield code="a">201810311042</subfield><subfield code="b">vaids</subfield><subfield code="c">201807101119</subfield><subfield code="d">vaids</subfield><subfield code="c">201807101117</subfield><subfield code="d">vaids</subfield><subfield code="y">201807101117</subfield><subfield code="z">vaids</subfield></datafield><datafield tag="090" ind1=" " ind2=" "><subfield code="a">S2257 9 N10</subfield></datafield><datafield tag="100" ind1="1" ind2=" "><subfield code="a">Turvey, C. G.</subfield></datafield><datafield tag="245" ind1=" " ind2=" "><subfield code="a">Inclusive finance and inclusive rural transformation</subfield></datafield><datafield tag="260" ind1=" " ind2=" "><subfield code="a">Rome, Italy</subfield><subfield code="b">IFAD</subfield><subfield code="c">2017</subfield></datafield><datafield tag="300" ind1=" " ind2=" "><subfield code="a">40 pp.</subfield></datafield><datafield tag="490" ind1=" " ind2=" "><subfield code="a">IFAD Research Series</subfield><subfield code="v">No. 10</subfield></datafield><datafield tag="520" ind1=" " ind2=" "><subfield code="a">This paper provides an overview of concepts, issues and research on the relationship between&#xD;
financial inclusion and inclusive rural transformation. When considering how the growth&#xD;
of demand for financial services is related to the broader processes of structural and rural&#xD;
transformation, the evidence shows that agricultural credit provides positive returns, but still&#xD;
with small farm and gender biases. Liberalization of financial markets may not have had the&#xD;
desired spillover effects into rural credit, so there may be justification for public intervention.&#xD;
Effective microcredit programmes might also need to be coupled with outreach and technical&#xD;
assistance in order to achieve desired goals and objectives.&#xD;
In addressing how innovations in rural finance contribute to making access to financial&#xD;
services and rural transformation more inclusive, the report focuses on demand relationships.&#xD;
Farmers who use credit have moderately inelastic to elastic demands. Policies that curb&#xD;
interest rates or otherwise lower the cost of credit may encourage credit demand. Research&#xD;
on risk rationing suggests a behavioural aspect to credit that needs to be considered. Policies&#xD;
that fail to consider collateral and risk may fail if risk-rationed farmers will either not borrow&#xD;
at all, or borrow less than optimal amounts of credit.&#xD;
Policies targeting inclusive finance for inclusive transformation should be targeted towards&#xD;
specific problems. If subsidies are required, they must be smart – in the sense of minimizing&#xD;
market distortions – and are best targeted towards lenders as incentives to increase loans&#xD;
in poverty or underserved communities, women borrowers and indigenous peoples. When&#xD;
markets fail, agriculture governments should consider state-run government-sponsored&#xD;
enterprises. Finally, agricultural lenders, including microfinance institutions, must reconsider&#xD;
their approach to disciplined savings and lending activities. Many farmers with credit demand&#xD;
will not borrow because the payment terms do not consider the risk or match the liquidity&#xD;
cycle of planting and harvesting.</subfield></datafield><datafield tag="650" ind1=" " ind2="7"><subfield code="a">FINANCIAL INCLUSION</subfield><subfield code="2">AGROVOC</subfield></datafield><datafield tag="650" ind1=" " ind2="7"><subfield code="a">RURAL TRANSFORMATION</subfield><subfield code="2">AGROVOC</subfield></datafield><datafield tag="650" ind1=" " ind2="7"><subfield code="a">FINANCIAL MARKETS</subfield><subfield code="2">AGROVOC</subfield></datafield><datafield tag="650" ind1=" " ind2="7"><subfield code="a">CREDIT</subfield><subfield code="2">AGROVOC</subfield></datafield><datafield tag="773" ind1=" " ind2=" "><subfield code="w">IF000015583</subfield></datafield><datafield tag="852" ind1=" " ind2=" "><subfield code="a">E-Lib.</subfield></datafield><datafield tag="856" ind1=" " ind2="8"><subfield code="u">http://library2018.ifad.org:8080/16021.jpg</subfield></datafield><datafield tag="856" ind1=" " ind2=" "><subfield code="u">http://library2018.ifad.org:8080/16021.pdf</subfield></datafield><datafield tag="999" ind1=" " ind2=" "><subfield code="a">VIRTUA40</subfield></datafield><datafield tag="999" ind1=" " ind2=" "><subfield code="a">VTLSSORT0010*0900*0030*0050*0080*0200*0350*0390*1000*2450*2600*3000*4900*5200*6500*6501*6502*6503*7730*8520*8560*8561*9990*9991</subfield></datafield><datafield tag="999" ind1=" " ind2=" "><subfield code="a">VTLSSORT</subfield></datafield></record>