<record><leader>02362nab a2200361 a 4500</leader><controlfield tag="001">vtls000016065</controlfield><controlfield tag="003">IFAD</controlfield><controlfield tag="005">20181031102100.0</controlfield><controlfield tag="008">180730 2018                  000 0 eng d</controlfield><datafield tag="020" ind1=" " ind2=" "><subfield code="a">978-92-9072-808-5</subfield></datafield><datafield tag="035" ind1=" " ind2=" "><subfield code="a">IF000016065</subfield></datafield><datafield tag="039" ind1=" " ind2="9"><subfield code="a">201810311021</subfield><subfield code="b">vaids</subfield><subfield code="c">201807301625</subfield><subfield code="d">VLOAD</subfield><subfield code="c">201805220956</subfield><subfield code="d">vaids</subfield><subfield code="y">201805220956</subfield><subfield code="z">vaids</subfield></datafield><datafield tag="090" ind1=" " ind2=" "><subfield code="a">S2256 9 No.24</subfield></datafield><datafield tag="100" ind1="1" ind2=" "><subfield code="a">Odenigbo, M. A.</subfield></datafield><datafield tag="245" ind1=" " ind2=" "><subfield code="a">Influence of nutrition-sensitive interventions on dietary profiles of smallholder farming households&#xD;
in East and Southern Africa</subfield></datafield><datafield tag="260" ind1=" " ind2=" "><subfield code="a">Rome, Italy</subfield><subfield code="b">IFAD</subfield><subfield code="c">2018</subfield></datafield><datafield tag="300" ind1=" " ind2=" "><subfield code="a">30 pp.</subfield></datafield><datafield tag="490" ind1=" " ind2=" "><subfield code="a">IFAD Research Series</subfield><subfield code="v">N.24</subfield></datafield><datafield tag="520" ind1=" " ind2=" "><subfield code="a">This paper aims to explore the influence of nutrition-sensitive interventions on dietary profiles of the beneficiaries of IFAD-funded projects.&#xD;
Drawing on a desk review of 37 IFAD funded projects in the Eastern and Southern Africa (ESA) region, the study used a cross sectional survey data from a purposive sample from selected countries where data collection was done (Kenya, Zambia, and Mozambique).&#xD;
The findings indicate that the development interventions have diverse nutritional impacts resulting from production related activities, ranging from training to the provision of inputs and services, including labour and energy- saving technologies.&#xD;
Moreover, results confirm that agricultural and rural development investments on food production and household income growth present many opportunities to positively influence dietary profiles of households.&#xD;
On the basis of these findings, the paper recommends the integration of existing and planned nutrition sensitive interventions targeting behavioural changes in consumption patterns of the nutritionally at-risk population.</subfield></datafield><datafield tag="650" ind1=" " ind2="7"><subfield code="a">Nutrition</subfield><subfield code="2">AGROVOC</subfield></datafield><datafield tag="650" ind1=" " ind2="7"><subfield code="a">DIETARY GUIDELINES</subfield><subfield code="2">AGROVOC</subfield></datafield><datafield tag="650" ind1=" " ind2="7"><subfield code="a">BENEFICIARIES</subfield><subfield code="2">AGROVOC</subfield></datafield><datafield tag="650" ind1=" " ind2="7"><subfield code="a">EAST AFRICA</subfield><subfield code="2">AGROVOC</subfield></datafield><datafield tag="650" ind1=" " ind2="7"><subfield code="a">SOUTH AFRICA</subfield><subfield code="2">AGROVOC</subfield></datafield><datafield tag="700" ind1="1" ind2=" "><subfield code="a">Elabor-Idemudia, P.</subfield></datafield><datafield tag="700" ind1="1" ind2=" "><subfield code="a">Geda, N. R.</subfield></datafield><datafield tag="773" ind1=" " ind2=" "><subfield code="w">IF000015583</subfield></datafield><datafield tag="852" ind1=" " ind2=" "><subfield code="a">E-Lib.</subfield></datafield><datafield tag="856" ind1=" " ind2="8"><subfield code="u">http://library2018.ifad.org:8080/16084.jpg</subfield></datafield><datafield tag="856" ind1=" " ind2=" "><subfield code="u">http://library2018.ifad.org:8080/16084.pdf</subfield></datafield><datafield tag="999" ind1=" " ind2=" "><subfield code="a">VIRTUA40</subfield></datafield><datafield tag="999" ind1=" " ind2=" "><subfield code="a">VTLSSORT0010*0030*0050*0080*0200*0350*0390*0900*1000*2450*2600*3000*4900*5200*6500*6501*6502*6503*6504*7000*7001*7730*8520*8560*8561*9990*9991</subfield></datafield><datafield tag="999" ind1=" " ind2=" "><subfield code="a">VTLSSORT</subfield></datafield></record>