<record><leader>01452nab a2200337 a 4500</leader><controlfield tag="001">vtls000015586</controlfield><controlfield tag="003">IFAD</controlfield><controlfield tag="005">20180730161900.0</controlfield><controlfield tag="008">180730 2016                  000 0 eng d</controlfield><datafield tag="020" ind1=" " ind2=" "><subfield code="a">978-92-9072-605-0</subfield></datafield><datafield tag="035" ind1=" " ind2=" "><subfield code="a">IF000015586</subfield></datafield><datafield tag="039" ind1=" " ind2="9"><subfield code="a">201807301619</subfield><subfield code="b">VLOAD</subfield><subfield code="c">201805111623</subfield><subfield code="d">vaids</subfield><subfield code="c">201606011535</subfield><subfield code="d">vaids</subfield><subfield code="c">201606011534</subfield><subfield code="d">vaids</subfield><subfield code="y">201606011534</subfield><subfield code="z">vaids</subfield></datafield><datafield tag="090" ind1=" " ind2=" "><subfield code="a">S2256 9 No.2</subfield></datafield><datafield tag="100" ind1="1" ind2=" "><subfield code="a">Suttie, D.</subfield></datafield><datafield tag="245" ind1=" " ind2=" "><subfield code="a">Migration and transformative pathways:</subfield><subfield code="b">a rural perspective</subfield></datafield><datafield tag="250" ind1=" " ind2=" "><subfield code="a">1st</subfield></datafield><datafield tag="260" ind1=" " ind2=" "><subfield code="a">Rome, Italy</subfield><subfield code="b">IFAD</subfield><subfield code="c">2016</subfield></datafield><datafield tag="300" ind1=" " ind2=" "><subfield code="a">pp.</subfield></datafield><datafield tag="490" ind1=" " ind2=" "><subfield code="a">IFAD Research Series N.2</subfield></datafield><datafield tag="520" ind1=" " ind2=" "><subfield code="a">This paper analyses the role of migration in promoting rural livelihoods and discusses how migration interacts with transformative economic processes. Focusing on migration out of rural areas, it examines the impacts of migration on rural livelihoods and challenges the perspective that sees rural outmigration as a failure of rural development</subfield></datafield><datafield tag="650" ind1=" " ind2="7"><subfield code="a">AGRICULTURE</subfield><subfield code="2">AGROVOC</subfield></datafield><datafield tag="650" ind1=" " ind2="7"><subfield code="a">DEVELOPMENT</subfield><subfield code="2">AGROVOC</subfield></datafield><datafield tag="650" ind1=" " ind2="7"><subfield code="a">POLICIES</subfield><subfield code="2">AGROVOC</subfield></datafield><datafield tag="650" ind1=" " ind2="7"><subfield code="a">MIGRATION</subfield><subfield code="2">AGROVOC</subfield></datafield><datafield tag="700" ind1=" " ind2=" "><subfield code="a">Vargas-Lundius, R.</subfield></datafield><datafield tag="773" ind1=" " ind2=" "><subfield code="w">IF000015583</subfield></datafield><datafield tag="852" ind1=" " ind2=" "><subfield code="a">E-lib</subfield></datafield><datafield tag="856" ind1=" " ind2="8"><subfield code="u">http://library2018.ifad.org:8080/15586.jpg</subfield></datafield><datafield tag="856" ind1=" " ind2=" "><subfield code="u">http://library2018.ifad.org:8080/15586.pdf</subfield></datafield><datafield tag="999" ind1=" " ind2=" "><subfield code="a">VIRTUA40</subfield></datafield><datafield tag="999" ind1=" " ind2=" "><subfield code="a">VTLSSORT0080*0200*0350*0390*0900*1000*2450*2500*2600*4900*3000*5200*6500*6501*6502*6503*7730*7000*8520*8560*8561*9992</subfield></datafield></record>