<record><leader>02018nab a2200349 a 4500</leader><controlfield tag="001">vtls000016217</controlfield><controlfield tag="003">IFAD</controlfield><controlfield tag="005">20181016105000.0</controlfield><controlfield tag="008">181016 2018                  000 0 eng d</controlfield><datafield tag="035" ind1=" " ind2=" "><subfield code="a">IF000016217</subfield></datafield><datafield tag="039" ind1=" " ind2="9"><subfield code="a">201810161050</subfield><subfield code="b">vaids</subfield><subfield code="y">201810161049</subfield><subfield code="z">vaids</subfield></datafield><datafield tag="090" ind1=" " ind2=" "><subfield code="a">S22569 N30</subfield></datafield><datafield tag="100" ind1="1" ind2=" "><subfield code="a">de la Peña, I.</subfield></datafield><datafield tag="245" ind1=" " ind2=" "><subfield code="a">Nutrition-sensitive value chains from a smallholder perspective:</subfield><subfield code="b">a framework for project design</subfield></datafield><datafield tag="260" ind1=" " ind2=" "><subfield code="a">Rome (IT)</subfield><subfield code="b">IFAD</subfield><subfield code="c">2018</subfield></datafield><datafield tag="300" ind1=" " ind2=" "><subfield code="a">50</subfield></datafield><datafield tag="490" ind1=" " ind2=" "><subfield code="a">IFAD Research Series</subfield><subfield code="v">No. 30</subfield></datafield><datafield tag="520" ind1=" " ind2=" "><subfield code="a">This paper addresses an important gap regarding the systematic knowledge and evidence on how value chains can contribute to nutrition, while remaining financially viable and inclusive of smallholder farmers.
&#xD;
It does so by reviewing the literature on linkages between value chains and nutrition from a smallholder perspective, and presenting an analytical framework for the development of nutrition-sensitive value chains.
&#xD;
The review identified multiple interventions that can serve the goals of income generation and nutrition improvement of smallholders, while also contributing to environmental sustainability and gender empowerment.
&#xD;
But trade-offs exist too. By applying a nutrition lens to the different stages of the value chain, challenges and opportunities across these dimensions can be identified to promote development of nutrition-sensitive value chains.</subfield></datafield><datafield tag="650" ind1=" " ind2="7"><subfield code="a">Nutrition</subfield><subfield code="2">AGROVOC</subfield></datafield><datafield tag="650" ind1=" " ind2="7"><subfield code="a">DEVELOPMENT</subfield><subfield code="2">AGROVOC</subfield></datafield><datafield tag="650" ind1=" " ind2="7"><subfield code="a">VALUE CHAINS</subfield><subfield code="2">AGROVOC</subfield></datafield><datafield tag="650" ind1=" " ind2="7"><subfield code="a">GENDER EMPOWERMENT</subfield><subfield code="2">AGROVOC</subfield></datafield><datafield tag="650" ind1=" " ind2="7"><subfield code="a">SUSTAINABILITY</subfield><subfield code="2">AGROVOC</subfield></datafield><datafield tag="700" ind1="1" ind2=" "><subfield code="a">Garrett, J.</subfield></datafield><datafield tag="700" ind1="1" ind2=" "><subfield code="a">Gelli, A.</subfield></datafield><datafield tag="773" ind1=" " ind2=" "><subfield code="w">IF000015583</subfield></datafield><datafield tag="852" ind1=" " ind2=" "><subfield code="a">E-Lib</subfield></datafield><datafield tag="856" ind1=" " ind2="8"><subfield code="u">http://library2018.ifad.org:8080/16242.jpg</subfield></datafield><datafield tag="856" ind1=" " ind2=" "><subfield code="u">http://library2018.ifad.org:8080/16242.pdf</subfield></datafield><datafield tag="999" ind1=" " ind2=" "><subfield code="a">VIRTUA40</subfield></datafield><datafield tag="999" ind1=" " ind2=" "><subfield code="a">VTLSSORT0010*0030*0050*0080*0350*0390*0900*1000*2450*2600*3000*4900*5200*6500*6501*6502*6503*6504*7000*7001*7730*8520*8560*8561*9990*9991</subfield></datafield><datafield tag="999" ind1=" " ind2=" "><subfield code="a">VTLSSORT</subfield></datafield></record>