<record><leader>01800nab a2200337 a 4500</leader><controlfield tag="001">vtls000016093</controlfield><controlfield tag="003">IFAD</controlfield><controlfield tag="005">20181031103500.0</controlfield><controlfield tag="008">180705 2017                  000 0 eng d</controlfield><datafield tag="035" ind1=" " ind2=" "><subfield code="a">IF000016093</subfield></datafield><datafield tag="039" ind1=" " ind2="9"><subfield code="a">201810311035</subfield><subfield code="b">vaids</subfield><subfield code="c">201807050937</subfield><subfield code="d">vaids</subfield><subfield code="c">201807050937</subfield><subfield code="d">vaids</subfield><subfield code="y">201807050937</subfield><subfield code="z">vaids</subfield></datafield><datafield tag="090" ind1=" " ind2=" "><subfield code="a">S22579</subfield></datafield><datafield tag="100" ind1="1" ind2=" "><subfield code="a">Menashe-Oren, A.</subfield></datafield><datafield tag="245" ind1=" " ind2=" "><subfield code="a">Population age structure and sex composition in sub-Saharan Africa:</subfield><subfield code="b">a rural-urban perspective</subfield></datafield><datafield tag="260" ind1=" " ind2=" "><subfield code="a">Rome, Italy</subfield><subfield code="b">IFAD</subfield><subfield code="c">2017</subfield></datafield><datafield tag="300" ind1=" " ind2=" "><subfield code="a">44 pp.</subfield></datafield><datafield tag="490" ind1=" " ind2=" "><subfield code="a">IFAD Research Series</subfield><subfield code="v">No. 17</subfield></datafield><datafield tag="520" ind1=" " ind2=" "><subfield code="a">This study describes the shifting age and sex patterns of populations across rural and urban sectors in sub‑Saharan Africa from 1980 to 2015. It examines the relationship between the slowdown in urbanization and rural and urban age structure gaps, sex composition and dependency ratios. Findings show that rural-urban migration of young adults plays a key role in explaining dependency ratios and sex compositional gaps in rural and urban areas. Results also highlight the value of taking into account local age and sex structures to better prepare for the demographic dividend and other consequences of demographic shifts in sub-Saharan Africa.</subfield></datafield><datafield tag="650" ind1=" " ind2="7"><subfield code="a">RURAL SECTOR</subfield><subfield code="2">AGROVOC</subfield></datafield><datafield tag="650" ind1=" " ind2="7"><subfield code="a">URBAN SECTOR</subfield><subfield code="2">AGROVOC</subfield></datafield><datafield tag="650" ind1=" " ind2="7"><subfield code="a">SEX STRUCTURE</subfield><subfield code="2">AGROVOC</subfield></datafield><datafield tag="650" ind1=" " ind2="7"><subfield code="a">AGE STRUCTURE</subfield><subfield code="2">AGROVOC</subfield></datafield><datafield tag="650" ind1=" " ind2="7"><subfield code="a">AFRICA</subfield><subfield code="2">AGROVOC</subfield></datafield><datafield tag="700" ind1="1" ind2=" "><subfield code="a">Stecklov, G.</subfield></datafield><datafield tag="773" ind1=" " ind2=" "><subfield code="w">IF000015583</subfield></datafield><datafield tag="852" ind1=" " ind2=" "><subfield code="a">E-Lib.</subfield></datafield><datafield tag="856" ind1=" " ind2="8"><subfield code="u">http://library2018.ifad.org:8080/16014.jpg</subfield></datafield><datafield tag="856" ind1=" " ind2=" "><subfield code="u">http://library2018.ifad.org:8080/16014.pdf</subfield></datafield><datafield tag="999" ind1=" " ind2=" "><subfield code="a">VIRTUA40</subfield></datafield><datafield tag="999" ind1=" " ind2=" "><subfield code="a">VTLSSORT0010*0030*0050*0080*0350*0390*0900*1000*2450*2600*3000*4900*5200*6500*6501*6502*6503*6504*7000*7730*8520*8560*8561*9990*9991</subfield></datafield><datafield tag="999" ind1=" " ind2=" "><subfield code="a">VTLSSORT</subfield></datafield></record>