<record><leader>02128nab a2200361 a 4500</leader><controlfield tag="001">vtls000016054</controlfield><controlfield tag="003">IFAD</controlfield><controlfield tag="005">20181031101500.0</controlfield><controlfield tag="008">180730 2018                  000 0 eng d</controlfield><datafield tag="020" ind1=" " ind2=" "><subfield code="a">978-92-9072-805-4</subfield></datafield><datafield tag="035" ind1=" " ind2=" "><subfield code="a">IF000016054</subfield></datafield><datafield tag="039" ind1=" " ind2="9"><subfield code="a">201810311015</subfield><subfield code="b">vaids</subfield><subfield code="c">201807301627</subfield><subfield code="d">VLOAD</subfield><subfield code="c">201805111616</subfield><subfield code="d">vaids</subfield><subfield code="c">201805111616</subfield><subfield code="d">vaids</subfield><subfield code="y">201805111614</subfield><subfield code="z">vaids</subfield></datafield><datafield tag="090" ind1=" " ind2=" "><subfield code="a">S2256 9 No.22</subfield></datafield><datafield tag="100" ind1="1" ind2=" "><subfield code="a">Imai, K.S.</subfield></datafield><datafield tag="245" ind1=" " ind2=" "><subfield code="a">Poverty reduction during the rural-urban transformation:</subfield><subfield code="b">rural development is still more important than urbanization</subfield></datafield><datafield tag="260" ind1=" " ind2=" "><subfield code="a">Rome, Italy</subfield><subfield code="b">IFAD</subfield><subfield code="c">2018</subfield></datafield><datafield tag="300" ind1=" " ind2=" "><subfield code="a">36 pp.</subfield></datafield><datafield tag="490" ind1=" " ind2=" "><subfield code="a">IFAD Research Series</subfield><subfield code="v">N.22</subfield></datafield><datafield tag="520" ind1=" " ind2=" "><subfield code="a">Based on cross-country panel datasets, we find that (i) an increase in population share in&#xD;
agriculture is associated with poverty reduction once the longer-term poverty change or&#xD;
dynamic is taken into account; (ii) the rural non-agricultural sector also is poverty-reducing in&#xD;
some cases; and (iii) increased population in the megacities has no role in poverty reduction.&#xD;
In fact, the growth of the populations in megacities increases poverty in a few cases. Given that&#xD;
rapid population growth or rural-urban migration is likely to increase poverty, more emphasis&#xD;
should be placed on policies that enhance support for rural agricultural and non-agricultural&#xD;
sectors. If our analysis has any validity, doubts are raised about recent research that emphasizes&#xD;
the role of secondary towns and urbanization as the main drivers to reduce extreme poverty.</subfield></datafield><datafield tag="650" ind1=" " ind2="7"><subfield code="a">POVERTY</subfield><subfield code="2">AGROVOC</subfield></datafield><datafield tag="650" ind1=" " ind2="7"><subfield code="a">RURAL POPULATION</subfield><subfield code="2">AGROVOC</subfield></datafield><datafield tag="650" ind1=" " ind2="7"><subfield code="a">RURAL DEVELOPMENT</subfield><subfield code="2">AGROVOC</subfield></datafield><datafield tag="650" ind1=" " ind2="7"><subfield code="a">URBANIZATION</subfield><subfield code="2">AGROVOC</subfield></datafield><datafield tag="650" ind1=" " ind2="7"><subfield code="a">AGRICULTURE</subfield><subfield code="2">AGROVOC</subfield></datafield><datafield tag="700" ind1="1" ind2=" "><subfield code="a">Gaiha, R.</subfield></datafield><datafield tag="700" ind1="1" ind2=" "><subfield code="a">Garbero, A.</subfield></datafield><datafield tag="773" ind1=" " ind2=" "><subfield code="w">IF000015583</subfield></datafield><datafield tag="852" ind1=" " ind2=" "><subfield code="a">E-Lib.</subfield></datafield><datafield tag="856" ind1=" " ind2="8"><subfield code="u">http://library2018.ifad.org:8080/16073.jpg</subfield></datafield><datafield tag="856" ind1=" " ind2=" "><subfield code="u">http://library2018.ifad.org:8080/16073.pdf</subfield></datafield><datafield tag="999" ind1=" " ind2=" "><subfield code="a">VIRTUA40</subfield></datafield><datafield tag="999" ind1=" " ind2=" "><subfield code="a">VTLSSORT0010*0030*0050*0080*0200*0350*0390*0900*1000*2450*2600*3000*4900*5200*6500*6501*6502*6503*6504*7000*7001*7730*8520*8560*8561*9990*9991</subfield></datafield><datafield tag="999" ind1=" " ind2=" "><subfield code="a">VTLSSORT</subfield></datafield></record>