<record><leader>01609nab a2200349 a 4500</leader><controlfield tag="001">vtls000016095</controlfield><controlfield tag="003">IFAD</controlfield><controlfield tag="005">20181031103700.0</controlfield><controlfield tag="008">180706 2017                  000 0 eng d</controlfield><datafield tag="035" ind1=" " ind2=" "><subfield code="a">IF000016095</subfield></datafield><datafield tag="039" ind1=" " ind2="9"><subfield code="a">201810311037</subfield><subfield code="b">vaids</subfield><subfield code="c">201807061019</subfield><subfield code="d">vaids</subfield><subfield code="y">201807061016</subfield><subfield code="z">vaids</subfield></datafield><datafield tag="090" ind1=" " ind2=" "><subfield code="a">S2257 9 N15</subfield></datafield><datafield tag="100" ind1="1" ind2=" "><subfield code="a">Bresciani, F.</subfield></datafield><datafield tag="245" ind1=" " ind2=" "><subfield code="a">Remittances, growth and poverty reduction in Asia</subfield></datafield><datafield tag="260" ind1=" " ind2=" "><subfield code="a">Rome, Italy</subfield><subfield code="b">IFAD</subfield><subfield code="c">2017</subfield></datafield><datafield tag="300" ind1=" " ind2=" "><subfield code="a">51 pp.</subfield></datafield><datafield tag="490" ind1=" " ind2=" "><subfield code="a">IFAD Research Series</subfield><subfield code="v">No. 15</subfield></datafield><datafield tag="520" ind1=" " ind2=" "><subfield code="a">Remittances have increased in low-income and lower- middle-income countries in recent years, playing an important role as a stable source of finance at the macro-level, and in poverty reduction at the micro-level. &#xD;
Drawing on a critical review of the literature and econometric analyses based on cross-country panel data, this study examines the relationships among remittances, growth and poverty reduction in Asia and the Pacific and highlights policy implications to be considered by governments and policy-makers.&#xD;
</subfield></datafield><datafield tag="650" ind1=" " ind2="7"><subfield code="2">AGROVOC</subfield><subfield code="a">FINANCIAL SITUATION</subfield><subfield code="a">ASIA</subfield><subfield code="a">PACIFIC</subfield></datafield><datafield tag="650" ind1=" " ind2="7"><subfield code="2">AGROVOC</subfield></datafield><datafield tag="650" ind1=" " ind2="7"><subfield code="2">AGROVOC</subfield></datafield><datafield tag="650" ind1=" " ind2="7"><subfield code="2">AGROVOC</subfield></datafield><datafield tag="650" ind1=" " ind2="7"><subfield code="2">AGROVOC</subfield></datafield><datafield tag="700" ind1="1" ind2=" "><subfield code="a">Imai, K.S.</subfield></datafield><datafield tag="700" ind1="1" ind2=" "><subfield code="a">Malaeb, B.</subfield></datafield><datafield tag="773" ind1=" " ind2=" "><subfield code="w">IF000015583</subfield></datafield><datafield tag="852" ind1=" " ind2=" "><subfield code="a">E-Lib.</subfield></datafield><datafield tag="856" ind1=" " ind2="8"><subfield code="u">http://library2018.ifad.org:8080/16016.jpg</subfield></datafield><datafield tag="856" ind1=" " ind2=" "><subfield code="u">http://library2018.ifad.org:8080/16016.pdf</subfield></datafield><datafield tag="999" ind1=" " ind2=" "><subfield code="a">VIRTUA40</subfield></datafield><datafield tag="999" ind1=" " ind2=" "><subfield code="a">VTLSSORT0010*0030*0050*0080*0350*0390*0900*1000*2450*2600*3000*4900*5200*6500*6501*6502*6503*6504*7000*7001*7730*8520*8560*8561*9990*9991</subfield></datafield><datafield tag="999" ind1=" " ind2=" "><subfield code="a">VTLSSORT</subfield></datafield></record>