<record><leader>03180nab a2200361 a 4500</leader><controlfield tag="001">vtls000016101</controlfield><controlfield tag="003">IFAD</controlfield><controlfield tag="005">20181031104300.0</controlfield><controlfield tag="008">180710 2017                  000 0 eng d</controlfield><datafield tag="020" ind1=" " ind2=" "><subfield code="a">978-92-9072-711-8</subfield></datafield><datafield tag="035" ind1=" " ind2=" "><subfield code="a">IF000016101</subfield></datafield><datafield tag="039" ind1=" " ind2="9"><subfield code="a">201810311043</subfield><subfield code="b">vaids</subfield><subfield code="y">201807101141</subfield><subfield code="z">vaids</subfield></datafield><datafield tag="090" ind1=" " ind2=" "><subfield code="a">S2257 9 N9</subfield></datafield><datafield tag="100" ind1="1" ind2=" "><subfield code="a">Trivelli, C.</subfield></datafield><datafield tag="245" ind1=" " ind2=" "><subfield code="a">Social protection and inclusive rural transformation</subfield></datafield><datafield tag="260" ind1=" " ind2=" "><subfield code="a">Rome, Italy</subfield><subfield code="b">IFAD</subfield><subfield code="c">2017</subfield></datafield><datafield tag="300" ind1=" " ind2=" "><subfield code="a">40 pp.</subfield></datafield><datafield tag="490" ind1=" " ind2=" "><subfield code="a">IFAD Research Series</subfield><subfield code="v">No. 9</subfield></datafield><datafield tag="520" ind1=" " ind2=" "><subfield code="a">This research paper discusses the interactions between social protection, rural transformation&#xD;
and inclusiveness. The questions addressed are: How does social protection reach and&#xD;
facilitate the rural transformation process? What key social protection interventions can&#xD;
better support inclusive transformation? Based on country-level evidence, the paper analyses&#xD;
how different types of social protection interventions (protective, preventive or promotional)&#xD;
affect rural livelihoods; help rural transformation (by increasing productivity, employment&#xD;
opportunities or non-farm activities); and influence inclusiveness. Each context could either&#xD;
enhance or jeopardize social protection interventions, affecting their transformational and&#xD;
inclusiveness impacts.&#xD;
Social protection represents a significant portion of national budgets (on average 3 per cent of&#xD;
national GDP in a subset of developing countries for which data were available). The resources&#xD;
devoted through social protection do not specifically target the rural poor, but provide relevant&#xD;
resources to poor households and communities more widely. Social protection has shifted&#xD;
from providing traditional social assistance (targeting just the poor) to offering a broader set&#xD;
of complex and interlinked interventions in favour of vulnerable social groups.&#xD;
Although there is not enough evidence available to assess the impact of different combinations&#xD;
of social protection policies and programmes, they can be seen as providing useful tools&#xD;
to help prepare rural populations to take advantage of rural transformation (entry into&#xD;
the non-farm economy, training in specific skills, empowerment of rural populations,&#xD;
protection of the most vulnerable), and to protect groups that could be left behind during&#xD;
such transformation.&#xD;
Social protection could enhance rural transformation and improve its inclusiveness – but&#xD;
such outcomes will depend on the specific context and the combination of interventions,&#xD;
their characteristics, scale and targeting rules.</subfield></datafield><datafield tag="650" ind1=" " ind2="7"><subfield code="a">SOCIAL PROTECTION</subfield><subfield code="2">AGROVOC</subfield></datafield><datafield tag="650" ind1=" " ind2="7"><subfield code="a">RURAL TRANSFORMATION</subfield><subfield code="2">AGROVOC</subfield></datafield><datafield tag="650" ind1=" " ind2="7"><subfield code="a">LIVELIHOODS</subfield><subfield code="2">AGROVOC</subfield></datafield><datafield tag="650" ind1=" " ind2="7"><subfield code="a">ANALYSIS</subfield><subfield code="2">AGROVOC</subfield></datafield><datafield tag="650" ind1=" " ind2="7"><subfield code="a">POLICIES</subfield><subfield code="2">AGROVOC</subfield></datafield><datafield tag="700" ind1="1" ind2=" "><subfield code="a">Vargas, S.</subfield></datafield><datafield tag="700" ind1="1" ind2=" "><subfield code="a">Clausen, J.</subfield></datafield><datafield tag="773" ind1=" " ind2=" "><subfield code="w">IF000015583</subfield></datafield><datafield tag="852" ind1=" " ind2=" "><subfield code="a">E-Lib.</subfield></datafield><datafield tag="856" ind1=" " ind2="8"><subfield code="u">http://library2018.ifad.org:8080/16022.jpg</subfield></datafield><datafield tag="856" ind1=" " ind2=" "><subfield code="u">http://library2018.ifad.org:8080/16022.pdf</subfield></datafield><datafield tag="999" ind1=" " ind2=" "><subfield code="a">VIRTUA40</subfield></datafield><datafield tag="999" ind1=" " ind2=" "><subfield code="a">VTLSSORT0010*0030*0050*0080*0200*0350*0390*0900*1000*2450*2600*3000*4900*5200*6500*6501*6502*6503*6504*7000*7001*7730*8520*8560*8561*9990*9991</subfield></datafield><datafield tag="999" ind1=" " ind2=" "><subfield code="a">VTLSSORT</subfield></datafield></record>