<record><leader>01904nab a2200361 a 4500</leader><controlfield tag="001">vtls000016066</controlfield><controlfield tag="003">IFAD</controlfield><controlfield tag="005">20181031102400.0</controlfield><controlfield tag="008">180730 2018                  000 0 eng d</controlfield><datafield tag="020" ind1=" " ind2=" "><subfield code="a">978-92-9072-810-8</subfield></datafield><datafield tag="035" ind1=" " ind2=" "><subfield code="a">IF000016066</subfield></datafield><datafield tag="039" ind1=" " ind2="9"><subfield code="a">201810311024</subfield><subfield code="b">vaids</subfield><subfield code="c">201807301624</subfield><subfield code="d">VLOAD</subfield><subfield code="y">201805221027</subfield><subfield code="z">vaids</subfield></datafield><datafield tag="090" ind1=" " ind2=" "><subfield code="a">S2256 9 No.25</subfield></datafield><datafield tag="100" ind1="1" ind2=" "><subfield code="a">Benfica, R.</subfield></datafield><datafield tag="245" ind1=" " ind2=" "><subfield code="a">Structural transformation and poverty in Malawi:</subfield><subfield code="b">decomposing the effects of occupational and spatial mobility</subfield></datafield><datafield tag="260" ind1=" " ind2=" "><subfield code="a">Rome, Italy</subfield><subfield code="b">IFAD</subfield><subfield code="c">2018</subfield></datafield><datafield tag="300" ind1=" " ind2=" "><subfield code="a">47 pp.</subfield></datafield><datafield tag="490" ind1=" " ind2=" "><subfield code="a">IFAD Research Series</subfield><subfield code="v">N.25</subfield></datafield><datafield tag="520" ind1=" " ind2=" "><subfield code="a">This paper aims to identify the main drivers of poverty reduction in Malawi. Using an augmented poverty decomposition methodology, it explores in what way the different farm and non-farm economic activities contribute to poverty reduction and income growth. The analysis also examines how household occupation and spatial mobility support both poverty reduction and household welfare improvements. Findings show that the increase in non-farm self-employment is the most significant contributor to poverty reduction overall, even though agriculture still exerts a considerable and positive influence, especially due to the size of the population involved and the observance of agricultural growth.</subfield></datafield><datafield tag="650" ind1=" " ind2="7"><subfield code="a">POVERTY</subfield><subfield code="2">AGROVOC</subfield></datafield><datafield tag="650" ind1=" " ind2="7"><subfield code="a">GROWTH</subfield><subfield code="2">AGROVOC</subfield></datafield><datafield tag="650" ind1=" " ind2="7"><subfield code="a">HOUSEHOLD</subfield><subfield code="2">AGROVOC</subfield></datafield><datafield tag="650" ind1=" " ind2="7"><subfield code="a">OCCUPATION</subfield><subfield code="2">AGROVOC</subfield></datafield><datafield tag="650" ind1=" " ind2="7"><subfield code="a">MALAWI</subfield><subfield code="2">AGROVOC</subfield></datafield><datafield tag="700" ind1="1" ind2=" "><subfield code="a">Squarcina, M.</subfield></datafield><datafield tag="700" ind1="1" ind2=" "><subfield code="a">De la Fuente, A.</subfield></datafield><datafield tag="773" ind1=" " ind2=" "><subfield code="w">IF000015583</subfield></datafield><datafield tag="852" ind1=" " ind2=" "><subfield code="a">E-Lib.</subfield></datafield><datafield tag="856" ind1=" " ind2="8"><subfield code="u">http://library2018.ifad.org:8080/16085.jpg</subfield></datafield><datafield tag="856" ind1=" " ind2=" "><subfield code="u">http://library2018.ifad.org:8080/16085.pdf</subfield></datafield><datafield tag="999" ind1=" " ind2=" "><subfield code="a">VIRTUA40</subfield></datafield><datafield tag="999" ind1=" " ind2=" "><subfield code="a">VTLSSORT0010*0030*0050*0080*0200*0350*0390*0900*1000*2450*2600*3000*4900*5200*6500*6501*6502*6503*6504*7000*7001*7730*8520*8560*8561*9990*9991</subfield></datafield><datafield tag="999" ind1=" " ind2=" "><subfield code="a">VTLSSORT</subfield></datafield></record>