<record><leader>02502nab a2200349 a 4500</leader><controlfield tag="001">vtls000016106</controlfield><controlfield tag="003">IFAD</controlfield><controlfield tag="005">20181031104800.0</controlfield><controlfield tag="008">180711 2016                  000 0 eng d</controlfield><datafield tag="020" ind1=" " ind2=" "><subfield code="a">978-92-9072-663-0</subfield></datafield><datafield tag="035" ind1=" " ind2=" "><subfield code="a">IF000016106</subfield></datafield><datafield tag="039" ind1=" " ind2="9"><subfield code="a">201810311048</subfield><subfield code="b">vaids</subfield><subfield code="y">201807110936</subfield><subfield code="z">vaids</subfield></datafield><datafield tag="090" ind1=" " ind2=" "><subfield code="a">S2257 9 N4</subfield></datafield><datafield tag="100" ind1="1" ind2=" "><subfield code="a">Benfica, R.</subfield></datafield><datafield tag="245" ind1=" " ind2=" "><subfield code="a">The effects of smallholder agricultural involvement on household food consumption and dietary diversity:</subfield><subfield code="b">evidence from Malawi</subfield></datafield><datafield tag="260" ind1=" " ind2=" "><subfield code="a">Rome, Italy</subfield><subfield code="b">IFAD</subfield><subfield code="c">2016</subfield></datafield><datafield tag="300" ind1=" " ind2=" "><subfield code="a">34 pp.</subfield></datafield><datafield tag="490" ind1=" " ind2=" "><subfield code="a">IFAD Research Series</subfield><subfield code="v">NO. 4</subfield></datafield><datafield tag="520" ind1=" " ind2=" "><subfield code="a">This paper investigates how household agricultural involvement affects food consumption&#xD;
and dietary diversity in rural Malawi. Ceteris paribus, a 10 per cent increase in on-farm income&#xD;
share increases food consumption per capita by 2.9 per cent, calorie intake per capita per day&#xD;
by 1.7 per cent, and leads to small improvements in dietary diversity. There are significant&#xD;
differences in the relationship between on-farm income shares and caloric shares: a positive&#xD;
and significant relationship with the shares from energy-dense and low-protein cereals and&#xD;
grains, but not significant with shares from nuts/pulses and sugars. Negative relationships&#xD;
are found with shares from roots/tubers, vegetables/fruits, oils/fats and meat/fish/milk.&#xD;
While food consumption and dietary diversity increase with agricultural involvement, the&#xD;
quality of diets is an issue. As purchased calories are associated with richer/high-quality diets,&#xD;
particularly rich in protein, households with lower dependency on agriculture access those&#xD;
diets more easily. This highlights the importance of income diversification to dietary diversity.&#xD;
It also calls for the development and support of nutrition-sensitive agricultural value chains,&#xD;
nutrition education and crop diversification programmes to improve household food and&#xD;
nutrition security.</subfield></datafield><datafield tag="650" ind1=" " ind2="7"><subfield code="a">HOUSEHOLD</subfield><subfield code="2">AGROVOC</subfield></datafield><datafield tag="650" ind1=" " ind2="7"><subfield code="a">RURAL AREAS</subfield><subfield code="2">AGROVOC</subfield></datafield><datafield tag="650" ind1=" " ind2="7"><subfield code="a">FOOD CONSUMPTION</subfield><subfield code="2">AGROVOC</subfield></datafield><datafield tag="650" ind1=" " ind2="7"><subfield code="a">ANALYSIS</subfield><subfield code="2">AGROVOC</subfield></datafield><datafield tag="650" ind1=" " ind2="7"><subfield code="a">MALAWI</subfield><subfield code="2">AGROVOC</subfield></datafield><datafield tag="700" ind1="1" ind2=" "><subfield code="a">Kilic, T.</subfield></datafield><datafield tag="773" ind1=" " ind2=" "><subfield code="w">IF000015583</subfield></datafield><datafield tag="852" ind1=" " ind2=" "><subfield code="a">e-Lib.</subfield></datafield><datafield tag="856" ind1=" " ind2="8"><subfield code="u">http://library2018.ifad.org:8080/16027.jpg</subfield></datafield><datafield tag="856" ind1=" " ind2=" "><subfield code="u">http://library2018.ifad.org:8080/16027.pdf</subfield></datafield><datafield tag="999" ind1=" " ind2=" "><subfield code="a">VIRTUA40</subfield></datafield><datafield tag="999" ind1=" " ind2=" "><subfield code="a">VTLSSORT0010*0030*0050*0080*0200*0350*0390*0900*1000*2450*2600*3000*4900*5200*6500*6501*6502*6503*6504*7000*7730*8520*8560*8561*9990*9991</subfield></datafield><datafield tag="999" ind1=" " ind2=" "><subfield code="a">VTLSSORT</subfield></datafield></record>