<record><leader>01736nab a2200325 a 4500</leader><controlfield tag="001">vtls000016090</controlfield><controlfield tag="003">IFAD</controlfield><controlfield tag="005">20181031103000.0</controlfield><controlfield tag="008">180704 2018                  000 0 eng d</controlfield><datafield tag="035" ind1=" " ind2=" "><subfield code="a">IF000016090</subfield></datafield><datafield tag="039" ind1=" " ind2="9"><subfield code="a">201810311030</subfield><subfield code="b">vaids</subfield><subfield code="c">201807041401</subfield><subfield code="d">vaids</subfield><subfield code="c">201807041359</subfield><subfield code="d">vaids</subfield><subfield code="y">201807041359</subfield><subfield code="z">vaids</subfield></datafield><datafield tag="090" ind1=" " ind2=" "><subfield code="a">S22569 N20</subfield></datafield><datafield tag="100" ind1="1" ind2=" "><subfield code="a">Briones, M.R.</subfield></datafield><datafield tag="245" ind1=" " ind2=" "><subfield code="a">Transformation and diversification of the rural economy in Asia</subfield></datafield><datafield tag="260" ind1=" " ind2=" "><subfield code="a">Rome, Italy</subfield><subfield code="b">IFAD</subfield><subfield code="c">2018</subfield></datafield><datafield tag="300" ind1=" " ind2=" "><subfield code="a">48 pp.</subfield></datafield><datafield tag="490" ind1=" " ind2=" "><subfield code="a">IFAD Research Series</subfield><subfield code="v">No. 20</subfield></datafield><datafield tag="520" ind1=" " ind2=" "><subfield code="a">This paper examines the transformation and diversification of the rural economy in Asia, focusing on the role and importance of the rural non-farm economy and employment in economic transformation and related diversification of employment and income opportunities for rural communities.&#xD;
Looking at the linkages across sectors (agriculture and others) and across regions (urban and rural), the paper stresses the role of agriculture and urban centers as key drivers of the rural non-farm economy. It considers strategic directions to be pursued to leverage diversification opportunities for rural economies to reduce rural poverty and inequality.&#xD;
</subfield></datafield><datafield tag="650" ind1=" " ind2="7"><subfield code="a">EMPLOYMENT</subfield><subfield code="2">AGROVOC</subfield></datafield><datafield tag="650" ind1=" " ind2="7"><subfield code="a">INCOME DISTRIBUTION</subfield><subfield code="2">AGROVOC</subfield></datafield><datafield tag="650" ind1=" " ind2="7"><subfield code="a">RURAL AREAS</subfield><subfield code="2">AGROVOC</subfield></datafield><datafield tag="650" ind1=" " ind2="7"><subfield code="a">URBAN AREAS</subfield><subfield code="2">AGROVOC</subfield></datafield><datafield tag="650" ind1=" " ind2="7"><subfield code="a">ASIA</subfield><subfield code="2">AGROVOC</subfield></datafield><datafield tag="773" ind1=" " ind2=" "><subfield code="w">IF000015583</subfield></datafield><datafield tag="852" ind1=" " ind2=" "><subfield code="a">E-Lib.</subfield></datafield><datafield tag="856" ind1=" " ind2="8"><subfield code="u">http://library2018.ifad.org:8080/16011.jpg</subfield></datafield><datafield tag="856" ind1=" " ind2=" "><subfield code="u">http://library2018.ifad.org:8080/16011.pdf</subfield></datafield><datafield tag="999" ind1=" " ind2=" "><subfield code="a">VIRTUA40</subfield></datafield><datafield tag="999" ind1=" " ind2=" "><subfield code="a">VTLSSORT0010*0030*0050*0080*0350*0390*0900*1000*2450*2600*3000*4900*5200*6500*6501*6502*6503*6504*7730*8520*8560*8561*9990*9991</subfield></datafield><datafield tag="999" ind1=" " ind2=" "><subfield code="a">VTLSSORT</subfield></datafield></record>